% Encoding: UTF-8

@Article{Armstrong2006,
  author   = {Deborah J. Armstrong},
  title    = {{The Quarks of Object-Oriented Development}},
  journal  = {Communications of the ACM},
  year     = {2006},
  volume   = {49},
  number   = {2},
  pages    = {123--128},
  month    = feb,
  keywords = {objected oriented},
  owner    = {sam},
}

@Article{MorganC.Benton2016,
  author   = {Morgan C. Benton, Nicole M. Radziwill},
  title    = {{Improving Testability and Reuse by Transitioning to Functional Programming}},
  journal  = {Software Quality Professional},
  year     = {2016},
  volume   = {18},
  number   = {3},
  pages    = {30--38},
  month    = jun,
  keywords = {functional},
  owner    = {sam},
}

@Article{Hsueh2009,
  author  = {Nien-Lin Hsueh, Jong-Yih Kuo, Ching-Chiuan Lin},
  title   = {{Object-oriented design: A goal-driven and pattern-based approach}},
  journal = {Software System Model},
  year    = {2009},
  volume  = {8},
  number  = {1},
  pages   = {67-84},
  month   = feb,
}

@Unpublished{JensBuysse,
  author    = {Jens Buysse, Harm De Weirdt},
  title     = {{Native Apps 1: Android}},
  note      = {Cursus uit het 3de jaar Toegepaste Informatica, specialisatie Mobile- en Webapplicatieontwikkeling, aan de Hogeschool Gent},
  year      = {2017-2018},
  timestamp = {2019-03-02},
  url       = {https://github.com/HoGentTIN/software-development-in-Android},
}

@Comment{jabref-meta: databaseType:bibtex;}
